<record><leader>00000cas a2200000 a 4500</leader><controlfield tag="001">11900839</controlfield><controlfield tag="008">850410d19001918ksuwr ne      0   a0eng d</controlfield><datafield ind1=" " ind2=" " tag="010"><subfield code="a">sn 85030287 </subfield></datafield><datafield ind1=" " ind2=" " tag="040"><subfield code="a">KSH</subfield><subfield code="b">eng</subfield><subfield code="c">KSH</subfield><subfield code="d">NPT</subfield><subfield code="d">OCL</subfield><subfield code="d">OCLCQ</subfield><subfield code="d">DLC</subfield><subfield code="d">OCLCF</subfield></datafield><datafield ind1="0" ind2=" " tag="022"><subfield code="a">2329-4035</subfield><subfield code="2">1</subfield></datafield><datafield ind1=" " ind2=" " tag="042"><subfield code="a">msc</subfield><subfield code="a">nsdp</subfield></datafield><datafield ind1=" " ind2=" " tag="043"><subfield code="a">n-us-ks</subfield></datafield><datafield ind1="0" ind2="0" tag="050"><subfield code="a">Newspaper</subfield></datafield><datafield ind1="0" ind2="0" tag="082"><subfield code="a">071</subfield><subfield code="2">23</subfield></datafield><datafield ind1=" " ind2="0" tag="222"><subfield code="a">Meade County news</subfield><subfield code="b">(Print)</subfield></datafield><datafield ind1="0" ind2="0" tag="245"><subfield code="a">Meade County news.</subfield></datafield><datafield ind1=" " ind2=" " tag="260"><subfield code="a">Meade, Kan. :</subfield><subfield code="b">John D. Wehrle,</subfield><subfield code="c">1900-1918.</subfield></datafield><datafield ind1=" " ind2=" " tag="300"><subfield code="a">19 v. :</subfield><subfield code="b">ill. ;</subfield><subfield code="c">51-63 cm.</subfield></datafield><datafield ind1=" " ind2=" " tag="310"><subfield code="a">Weekly</subfield></datafield><datafield ind1="0" ind2=" " tag="362"><subfield code="a">Vol. 1, no. 1 (Jan. 11, 1900)-v. 19, no. 40 (Oct. 3, 1918).</subfield></datafield><datafield ind1=" " ind2=" " tag="500"><subfield code="a">Publisher varies.</subfield></datafield><datafield ind1=" " ind2=" " tag="500"><subfield code="a">"Democratic."</subfield></datafield><datafield ind1=" " ind2=" " tag="525"><subfield code="a">Supplements included.</subfield></datafield><datafield ind1=" " ind2=" " tag="530"><subfield code="a">Archived issues are available in digital format as part of the Library of Congress Chronicling America online collection.</subfield></datafield><datafield ind1=" " ind2="0" tag="651"><subfield code="a">Meade (Kan.)</subfield><subfield code="v">Newspapers.</subfield></datafield><datafield ind1=" " ind2="7" tag="655"><subfield code="a">Newspapers.</subfield><subfield code="2">fast</subfield><subfield code="0">(OCoLC)fst01423814</subfield></datafield><datafield ind1=" " ind2="7" tag="651"><subfield code="a">Kansas</subfield><subfield code="z">Meade.</subfield><subfield code="2">fast</subfield><subfield code="0">(OCoLC)fst01869845</subfield></datafield><datafield ind1=" " ind2=" " tag="752"><subfield code="a">United States</subfield><subfield code="b">Kansas</subfield><subfield code="c">Meade</subfield><subfield code="d">Meade.</subfield></datafield><datafield ind1="0" ind2="8" tag="776"><subfield code="i">Online version:</subfield><subfield code="t">Meade County news (Online)</subfield><subfield code="x">2329-4043</subfield><subfield code="w">(DLC)  2013218793</subfield><subfield code="w">(OCoLC)846833243</subfield></datafield><datafield ind1="0" ind2="7" tag="785"><subfield code="t">Meade globe (Meade, Kan. : 1903)</subfield><subfield code="w">(DLC)sn 85030279</subfield><subfield code="w">(OCoLC)11900828</subfield></datafield><datafield ind1="0" ind2="7" tag="785"><subfield code="t">Meade globe-news</subfield><subfield code="w">(DLC)sn 85030284</subfield><subfield code="w">(OCoLC)11900862</subfield></datafield><datafield ind1="4" ind2="1" tag="856"><subfield code="u">http://chroniclingamerica.loc.gov/lccn/sn85030287/issues</subfield></datafield></record>